@misc{monmonier1985semiology,
  title={Semiology of Graphics: Diagrams, Networks, Maps.},
  author={Monmonier, Mark},
  year={1985},
  publisher={JSTOR}
}